<record><leader>00000cas a22000007a 4500</leader><controlfield tag="001">10995563</controlfield><controlfield tag="008">840727d18601864nyuwr ne      0    0eng d</controlfield><datafield ind1=" " ind2=" " tag="010"><subfield code="a">sn 84031029 </subfield></datafield><datafield ind1=" " ind2=" " tag="040"><subfield code="a">NYG</subfield><subfield code="b">eng</subfield><subfield code="c">NYG</subfield><subfield code="d">NYS</subfield><subfield code="d">OCL</subfield><subfield code="d">OCLCQ</subfield></datafield><datafield ind1=" " ind2=" " tag="042"><subfield code="a">msc</subfield></datafield><datafield ind1="0" ind2="0" tag="245"><subfield code="a">Trumansburg news.</subfield></datafield><datafield ind1=" " ind2=" " tag="260"><subfield code="a">Trumansburg, Tompkins Co., N.Y. :</subfield><subfield code="b">A.P. Osborn</subfield></datafield><datafield ind1=" " ind2=" " tag="300"><subfield code="a">v.</subfield></datafield><datafield ind1=" " ind2=" " tag="310"><subfield code="a">Weekly</subfield></datafield><datafield ind1="0" ind2=" " tag="362"><subfield code="a">Vol. 1, no. 1 (Sept. 7, 1860)-</subfield></datafield><datafield ind1="1" ind2=" " tag="362"><subfield code="a">Ceased in Feb. 1864?</subfield></datafield><datafield ind1=" " ind2=" " tag="500"><subfield code="a">Published on Wednesday.</subfield></datafield><datafield ind1=" " ind2=" " tag="500"><subfield code="a">Devoted to literature, agriculture, religion, and general news; "Independent in all things - neutral in nothing."</subfield></datafield><datafield ind1=" " ind2=" " tag="500"><subfield code="a">Publishers: A.P. Osborn, Sept. 7, 1860-Jan. 4, 1861; Edward Himrod, Jan. 11, 1861-&lt;Aug. 1861&gt;; Hicks &amp; Pasko, &lt;Nov. 1862&gt;; A.O. Hicks, &lt;Dec. 1862&gt;-Aug. 1863; J. William Van Namee, Sept. 1863-Oct. 1863; William H. Cuffman, Oct. 1863-1864.</subfield></datafield><datafield ind1=" " ind2=" " tag="500"><subfield code="a">Editors: A.P. Osborn and Edward Himrod, 1860-186.</subfield></datafield><datafield ind1="1" ind2=" " tag="700"><subfield code="a">Osborn, A. P.</subfield></datafield><datafield ind1="1" ind2=" " tag="700"><subfield code="a">Himrod, Edward.</subfield></datafield><datafield ind1=" " ind2=" " tag="752"><subfield code="a">United States</subfield><subfield code="b">New York</subfield><subfield code="c">Tompkins</subfield><subfield code="d">Trumansburg.</subfield></datafield></record>